<?xml version="1.0" encoding="utf-8"?>
<record xmlns="http://www.loc.gov/MARC21/slim" xmlns:xsi="http://www.w3.org/2001/XMLSchema-instance" xsi:schemaLocation="http://www.loc.gov/MARC21/slim http://www.loc.gov/standards/marcxml/schema/MARC21slim.xsd">
	<leader>     nam a22     Mi 4500</leader>
	<controlfield tag="001">2140537</controlfield>
	<controlfield tag="003">NjP</controlfield>
	<controlfield tag="006">m        d        </controlfield>
	<controlfield tag="007">cr cn |||m|||a</controlfield>
	<controlfield tag="008">210308s1949    ua      o     000 0 ara d</controlfield>
	<datafield ind1=" " ind2=" " tag="040">
		<subfield code="a">ZYU</subfield>
		<subfield code="b">ara</subfield>
		<subfield code="e">rda</subfield>
		<subfield code="c">ZYU</subfield>
	</datafield>
	<datafield ind1=" " ind2=" " tag="043">
		<subfield code="a">ma-----</subfield>
	</datafield>
	<datafield ind1=" " ind2="4" tag="050">
		<subfield code="a">HQ1170</subfield>
		<subfield code="b">.M3 1949</subfield>
	</datafield>
	<datafield ind1="1" ind2=" " tag="100">
		<subfield code="6">880-01</subfield>
		<subfield code="a">Maẓhar, Ismāʻīl,</subfield>
		<subfield code="e">author.</subfield>
	</datafield>
	<datafield ind1="1" ind2="3" tag="245">
		<subfield code="6">880-02</subfield>
		<subfield code="a">al-Marʼah fī ʻaṣr al-dīmuqrāṭīyah :</subfield>
		<subfield code="b">baḥth ḥurr fī taʼyīd ḥuqūq al-marʼah /</subfield>
		<subfield code="c">bi-qalam Ismāʻīl Maẓhar, raʼīs taḥrīr al-Muqtaṭaf.</subfield>
	</datafield>
	<datafield ind1=" " ind2="1" tag="264">
		<subfield code="6">880-03</subfield>
		<subfield code="a">al-Qāhirah :</subfield>
		<subfield code="b">al-nāshir Maktabat al-Nahḍah al-Miṣrīyah,</subfield>
		<subfield code="c">[1949]</subfield>
	</datafield>
	<datafield ind1=" " ind2=" " tag="300">
		<subfield code="a">online resource (202 pages)</subfield>
	</datafield>
	<datafield ind1=" " ind2=" " tag="336">
		<subfield code="a">text</subfield>
		<subfield code="2">rdacontent</subfield>
	</datafield>
	<datafield ind1=" " ind2=" " tag="337">
		<subfield code="a">computer</subfield>
		<subfield code="2">rdamedia</subfield>
	</datafield>
	<datafield ind1=" " ind2=" " tag="338">
		<subfield code="a">online resource</subfield>
		<subfield code="2">rdacarrier</subfield>
	</datafield>
	<datafield ind1=" " ind2=" " tag="500">
		<subfield code="6">880-04</subfield>
		<subfield code="a">At head of title: Ṭarīdat al-bughāh.</subfield>
	</datafield>
	<datafield ind1=" " ind2=" " tag="500">
		<subfield code="6">880-05</subfield>
		<subfield code="a">&quot;al-Qāhirah fī 17 min Yūniyah, 1949.&quot;--At the end of the book.</subfield>
	</datafield>
	<datafield ind1=" " ind2=" " tag="500">
		<subfield code="a">Part of the Arabic Collections Online (ACO) project, contributed by Princeton University Libraries.</subfield>
	</datafield>
	<datafield ind1=" " ind2=" " tag="533">
		<subfield code="a">Electronic reproduction.</subfield>
		<subfield code="b">New York, N.Y. :</subfield>
		<subfield code="c">New York University,</subfield>
		<subfield code="d">2021.</subfield>
		<subfield code="5">NNU</subfield>
	</datafield>
	<datafield ind1=" " ind2="0" tag="650">
		<subfield code="a">Women's rights.</subfield>
	</datafield>
	<datafield ind1=" " ind2="0" tag="650">
		<subfield code="a">Women</subfield>
		<subfield code="z">Egypt.</subfield>
	</datafield>
	<datafield ind1=" " ind2="0" tag="650">
		<subfield code="a">Women in Islam.</subfield>
	</datafield>
	<datafield ind1=" " ind2="0" tag="650">
		<subfield code="a">Women</subfield>
		<subfield code="z">Arab countries</subfield>
		<subfield code="x">Social conditions.</subfield>
	</datafield>
	<datafield ind1=" " ind2="0" tag="650">
		<subfield code="a">Women's rights</subfield>
		<subfield code="z">Arab countries.</subfield>
	</datafield>
	<datafield ind1=" " ind2="7" tag="650">
		<subfield code="a">Women's rights.</subfield>
		<subfield code="2">fast</subfield>
		<subfield code="0">(OCoLC)fst01178818</subfield>
	</datafield>
	<datafield ind1=" " ind2="7" tag="650">
		<subfield code="a">Women</subfield>
		<subfield code="x">Social conditions.</subfield>
		<subfield code="2">fast</subfield>
		<subfield code="0">(OCoLC)fst01176947</subfield>
	</datafield>
	<datafield ind1=" " ind2="7" tag="650">
		<subfield code="a">Women in Islam.</subfield>
		<subfield code="2">fast</subfield>
		<subfield code="0">(OCoLC)fst01177797</subfield>
	</datafield>
	<datafield ind1=" " ind2="7" tag="650">
		<subfield code="a">Women.</subfield>
		<subfield code="2">fast</subfield>
		<subfield code="0">(OCoLC)fst01176568</subfield>
	</datafield>
	<datafield ind1=" " ind2="7" tag="651">
		<subfield code="a">Arab countries.</subfield>
		<subfield code="2">fast</subfield>
		<subfield code="0">(OCoLC)fst01240128</subfield>
	</datafield>
	<datafield ind1=" " ind2="7" tag="651">
		<subfield code="a">Egypt.</subfield>
		<subfield code="2">fast</subfield>
		<subfield code="0">(OCoLC)fst01208755</subfield>
	</datafield>
	<datafield ind1="2" ind2=" " tag="710">
		<subfield code="a">Princeton University.</subfield>
		<subfield code="b">Library.</subfield>
	</datafield>
	<datafield ind1="0" ind2=" " tag="730">
		<subfield code="a">Arabic Collections Online.</subfield>
	</datafield>
	<datafield ind1="0" ind2="8" tag="776">
		<subfield code="i">Print version:</subfield>
		<subfield code="a">Maẓhar, Ismāʻīl, author.</subfield>
		<subfield code="t">al-Marʼah fī ʻaṣr al-dīmuqrāṭīyah</subfield>
		<subfield code="w">(NjP)2140537</subfield>
		<subfield code="w">(OCoLC)5245904</subfield>
	</datafield>
	<datafield ind1="4" ind2="0" tag="856">
		<subfield code="u">http://hdl.handle.net/2333.1/vx0k6qt7</subfield>
	</datafield>
	<datafield ind1="1" ind2=" " tag="880">
		<subfield code="6">100-01</subfield>
		<subfield code="a">مظهر، إسماعيل،</subfield>
		<subfield code="e">author.</subfield>
	</datafield>
	<datafield ind1="1" ind2="2" tag="880">
		<subfield code="6">245-02</subfield>
		<subfield code="a">المرأة في عصر الديمقراطية :</subfield>
		<subfield code="b">بحث حر في تأييد حقوق المرأة /</subfield>
		<subfield code="c">بقلم إسماعيل مظهر، رئيس تحرير المقتطف.</subfield>
	</datafield>
	<datafield ind1=" " ind2="1" tag="880">
		<subfield code="6">264-03</subfield>
		<subfield code="a">القاهرة :</subfield>
		<subfield code="b">الناشر مكتبة النهضة المصرية،</subfield>
		<subfield code="c">[1949]</subfield>
	</datafield>
	<datafield ind1=" " ind2=" " tag="880">
		<subfield code="6">500-04</subfield>
		<subfield code="a">At head of title: طريدة البغاه.</subfield>
	</datafield>
	<datafield ind1=" " ind2=" " tag="880">
		<subfield code="6">500-05</subfield>
		<subfield code="a">&quot;القاهرة في 17 من يونية، 1949.&quot;--At the end of the book.</subfield>
	</datafield>
	<datafield ind1=" " ind2=" " tag="959">
		<subfield code="a">NNU</subfield>
		<subfield code="b">WEB</subfield>
		<subfield code="c">GENI</subfield>
		<subfield code="t">0</subfield>
		<subfield code="m">Electronic access</subfield>
		<subfield code="s">01</subfield>
	</datafield>
	<datafield ind1=" " ind2=" " tag="999">
		<subfield code="i">NjP_2140537</subfield>
		<subfield code="o">(OCoLC)ocm05245904 </subfield>
		<subfield code="s">princeton_aco003629:</subfield>
	</datafield>
</record>
